<record><leader>00000cas a22000007a 4500</leader><controlfield tag="001">9121940</controlfield><controlfield tag="008">830112d19821984wyumr ne      0    0eng d</controlfield><controlfield tag="009">1615</controlfield><datafield ind1=" " ind2=" " tag="010"><subfield code="a">sn 91073001 </subfield></datafield><datafield ind1=" " ind2=" " tag="040"><subfield code="a">WYU</subfield><subfield code="b">eng</subfield><subfield code="c">WYU</subfield><subfield code="d">NVO</subfield><subfield code="d">OCLCQ</subfield></datafield><datafield ind1="1" ind2=" " tag="029"><subfield code="a">AU@</subfield><subfield code="b">000025873294</subfield></datafield><datafield ind1=" " ind2=" " tag="042"><subfield code="a">msc</subfield></datafield><datafield ind1=" " ind2="4" tag="050"><subfield code="a">F769.C5</subfield><subfield code="b">C3</subfield></datafield><datafield ind1="0" ind2="0" tag="245"><subfield code="a">Capitol times.</subfield></datafield><datafield ind1=" " ind2=" " tag="260"><subfield code="a">Cheyenne, Wyo. :</subfield><subfield code="b">Capitol Times,</subfield><subfield code="c">1982-1984.</subfield></datafield><datafield ind1=" " ind2=" " tag="300"><subfield code="a">v.</subfield></datafield><datafield ind1=" " ind2=" " tag="310"><subfield code="a">Monthly</subfield></datafield><datafield ind1="0" ind2=" " tag="362"><subfield code="a">Vol. 1, no. 1 (Oct. 1982)-v. 2, no. 10 (July/Aug. 1984).</subfield></datafield><datafield ind1=" " ind2=" " tag="515"><subfield code="a">Vol. 2, no. 9 not published.</subfield></datafield><datafield ind1=" " ind2="4" tag="651"><subfield code="a">Cheyenne (Wyo.)</subfield><subfield code="v">Newspapers.</subfield></datafield><datafield ind1=" " ind2="4" tag="651"><subfield code="a">Laramie County (Wyo.)</subfield><subfield code="v">Newspapers.</subfield></datafield><datafield ind1=" " ind2=" " tag="752"><subfield code="a">United States</subfield><subfield code="b">Wyoming</subfield><subfield code="c">Laramie</subfield><subfield code="d">Cheyenne.</subfield></datafield></record>